@Book{Larman2004,
  title     = {Applying UML and Patterns: An Introduction to Object-Oriented Analysis and Design and Iterative Development},
  publisher = {Addison Wesley Professional},
  year      = {2004},
  author    = {Craig Larman},
  edition   = {3rd}
}

@Book{Sommerville,
  title     = {Software Engieering},
  publisher = {Pearson Education Â© 2016},
  year      = {2016},
  author    = {Ian Sommerville},
  edition   = {Tenth Edition}
}